% Encoding: UTF-8

@Book{,
  title     = {Electrónica de potencia},
  publisher = {Pearson ecucación},
  year      = {2004},
  author    = {Muhhamed H. Radish},
  editor    = {Pearson ecucación},
  volume    = {Tercera edición},
  edition   = {Tercera},
  isbn      = {970-26-0532-6},
}

@Book{,
  title     = {Electrónica de potencia},
  publisher = {Thomson},
  year      = {2006},
  author    = {Salvador Martinez García, Juan Andrés Gualda},
  editor    = {Paraninfo S.A},
  volume    = {1},
  edition   = {primera},
  isbn      = {84-9732-397-1},
}

@Comment{jabref-meta: databaseType:bibtex;}
