% Encoding: UTF-8

@Book{,
  title     = {Tristores y triacs},
  publisher = {Marcombo},
  year      = {1986},
  author    = {J. José Días de Noriega},
  editor    = {Gran via de les corts Catalanes},
  isbn      = {84-267-0281-3},
}

@Comment{jabref-meta: databaseType:bibtex;}
