% Encoding: UTF-8

@Article{,
  author  = {J.I.Huircan},
  title   = {Ampli√ñcadores de Potencia},
  journal = {Universidad de La Frontera},
  year    = {January 6, 2016},
}

@Comment{jabref-meta: databaseType:bibtex;}
